<?xml version='1.0' encoding='utf-8'?>
<record xmlns="http://www.loc.gov/MARC21/slim" xmlns:xsi="http://www.w3.org/2001/XMLSchema-instance">
  <leader>00000njm^a2200481^a^4500</leader>
  <controlfield tag="001">005682247</controlfield>
  <controlfield tag="005">20081208092940.0</controlfield>
  <controlfield tag="007">sd^fungnnmmneu</controlfield>
  <controlfield tag="008">080320r20081967enkrcn^^^fi^^^^^^^n^eng^d</controlfield>
  <datafield tag="024" ind1="1" ind2=" ">
    <subfield code="a">029667427425</subfield>
  </datafield>
  <datafield tag="024" ind1="8" ind2=" ">
    <subfield code="a">00029667427425</subfield>
  </datafield>
  <datafield tag="028" ind1="0" ind2="2">
    <subfield code="a">CDWIKD 274</subfield>
    <subfield code="b">Big Beat</subfield>
  </datafield>
  <datafield tag="035" ind1=" " ind2=" ">
    <subfield code="a">(OCoLC)213860581</subfield>
  </datafield>
  <datafield tag="035" ind1=" " ind2=" ">
    <subfield code="a">(OCoLC)ocn213860581</subfield>
  </datafield>
  <datafield tag="040" ind1=" " ind2=" ">
    <subfield code="a">BTCTA</subfield>
    <subfield code="c">BTCTA</subfield>
    <subfield code="d">NTG</subfield>
    <subfield code="d">CPL</subfield>
  </datafield>
  <datafield tag="043" ind1=" " ind2=" ">
    <subfield code="a">n-us-mi</subfield>
  </datafield>
  <datafield tag="099" ind1=" " ind2=" ">
    <subfield code="a">CDISC 22923</subfield>
  </datafield>
  <datafield tag="245" ind1="0" ind2="0">
    <subfield code="a">A² (of course)</subfield>
    <subfield code="h">[sound recording].</subfield>
  </datafield>
  <datafield tag="246" ind1="1" ind2=" ">
    <subfield code="i">Title on container spine:</subfield>
    <subfield code="a">A-Square (of course)</subfield>
  </datafield>
  <datafield tag="260" ind1=" " ind2=" ">
    <subfield code="a">London :</subfield>
    <subfield code="b">Big Beat :</subfield>
    <subfield code="b">Distributed by Ace Records,</subfield>
    <subfield code="c">p2008.</subfield>
  </datafield>
  <datafield tag="300" ind1=" " ind2=" ">
    <subfield code="a">1 sound disc :</subfield>
    <subfield code="b">digital, mono., stereo. ;</subfield>
    <subfield code="c">4 3/4 in.</subfield>
  </datafield>
  <datafield tag="500" ind1=" " ind2=" ">
    <subfield code="a">Rock music.</subfield>
  </datafield>
  <datafield tag="500" ind1=" " ind2=" ">
    <subfield code="a">"The story of Michigan's legendary A-Square Records"--Container.</subfield>
  </datafield>
  <datafield tag="511" ind1="0" ind2=" ">
    <subfield code="a">Various performers.</subfield>
  </datafield>
  <datafield tag="500" ind1=" " ind2=" ">
    <subfield code="a">Selections originally released 1967-1970, with some tracks previously unreleased.</subfield>
  </datafield>
  <datafield tag="500" ind1=" " ind2=" ">
    <subfield code="a">Compact disc.</subfield>
  </datafield>
  <datafield tag="500" ind1=" " ind2=" ">
    <subfield code="a">Program notes by Alec Palao ([24] p. : ill.) inserted in container.</subfield>
  </datafield>
  <datafield tag="505" ind1="0" ind2="0">
    <subfield code="t">I'm so glad</subfield>
    <subfield code="r">(the Scot Richard Case) --</subfield>
    <subfield code="t">Looking at you</subfield>
    <subfield code="r">(the MC5) --</subfield>
    <subfield code="t">Somehow</subfield>
    <subfield code="r">(the Thyme) --</subfield>
    <subfield code="t">Stranded in the jungle</subfield>
    <subfield code="r">(the Apostles) --</subfield>
    <subfield code="t">Get the picture</subfield>
    <subfield code="r">(the Scot Richard Case) --</subfield>
    <subfield code="t">No opportunity necessary, no experience needed</subfield>
    <subfield code="r">(the Thyme) --</subfield>
    <subfield code="t">She is a friend</subfield>
    <subfield code="r">(the Rain) --</subfield>
    <subfield code="t">Easy way out</subfield>
    <subfield code="r">(the Bossmen) --</subfield>
    <subfield code="t">Time of the season</subfield>
    <subfield code="r">(the Thyme) --</subfield>
    <subfield code="t">Midnight to six man</subfield>
    <subfield code="r">(the Scot Richard Case) --</subfield>
    <subfield code="t">Tired of waiting for you</subfield>
    <subfield code="r">(the Apostles) --</subfield>
    <subfield code="t">Borderline</subfield>
    <subfield code="r">(the MC5) --</subfield>
    <subfield code="t">I found you</subfield>
    <subfield code="r">(the Thyme) --</subfield>
    <subfield code="t">Who is that girl</subfield>
    <subfield code="r">(the Scot Richard Case) --</subfield>
    <subfield code="t">Get down</subfield>
    <subfield code="r">(Half-Life) --</subfield>
    <subfield code="t">I'm a man</subfield>
    <subfield code="r">(the Prime Movers) --</subfield>
    <subfield code="t">Love to love</subfield>
    <subfield code="r">(the Thyme) --</subfield>
    <subfield code="t">Just like an aborigine</subfield>
    <subfield code="r">(the Up) --</subfield>
    <subfield code="t">I cannot stop you</subfield>
    <subfield code="r">(the Bossmen) --</subfield>
    <subfield code="t">Very last day</subfield>
    <subfield code="r">(the Thyme) --</subfield>
    <subfield code="t">Cobwebs and strange</subfield>
    <subfield code="r">(the Scot Richard Case) --</subfield>
    <subfield code="t">Listen my girl</subfield>
    <subfield code="r">(the Bossmen) --</subfield>
    <subfield code="t">Window song</subfield>
    <subfield code="r">(the Thyme) --</subfield>
    <subfield code="t">Mystery man</subfield>
    <subfield code="r">(Dick Wagner &amp; the Frost) --</subfield>
    <subfield code="t">I found a love</subfield>
    <subfield code="r">(the Thyme).</subfield>
  </datafield>
  <datafield tag="650" ind1=" " ind2="0">
    <subfield code="a">Rock music</subfield>
    <subfield code="z">Michigan</subfield>
    <subfield code="y">1961-1970.</subfield>
  </datafield>
  <datafield tag="700" ind1="1" ind2=" ">
    <subfield code="a">Wagner, Dick,</subfield>
    <subfield code="d">1942-2014.</subfield>
    <subfield code="4">prf</subfield>
  </datafield>
  <datafield tag="710" ind1="2" ind2=" ">
    <subfield code="a">A-Square Records.</subfield>
  </datafield>
  <datafield tag="710" ind1="2" ind2=" ">
    <subfield code="a">Scot Richard Case (Musical group)</subfield>
    <subfield code="4">prf</subfield>
  </datafield>
  <datafield tag="710" ind1="2" ind2=" ">
    <subfield code="a">MC5 (Musical group)</subfield>
    <subfield code="4">prf</subfield>
  </datafield>
  <datafield tag="710" ind1="2" ind2=" ">
    <subfield code="a">Thyme (Musical group)</subfield>
    <subfield code="4">prf</subfield>
  </datafield>
  <datafield tag="710" ind1="2" ind2=" ">
    <subfield code="a">Apostles (Musical group : Ann Arbor, Mich.)</subfield>
    <subfield code="4">prf</subfield>
  </datafield>
  <datafield tag="710" ind1="2" ind2=" ">
    <subfield code="a">Rain (Musical group : Traverse City, Mich.)</subfield>
    <subfield code="4">prf</subfield>
  </datafield>
  <datafield tag="710" ind1="2" ind2=" ">
    <subfield code="a">Bossmen (Musical group)</subfield>
    <subfield code="4">prf</subfield>
  </datafield>
  <datafield tag="710" ind1="2" ind2=" ">
    <subfield code="a">Half-Life (Musical group : Mich.)</subfield>
    <subfield code="4">prf</subfield>
  </datafield>
  <datafield tag="710" ind1="2" ind2=" ">
    <subfield code="a">Prime Movers (Musical group : Ann Arbor, Mich.)</subfield>
    <subfield code="4">prf</subfield>
  </datafield>
  <datafield tag="710" ind1="2" ind2=" ">
    <subfield code="a">Up (Musical group)</subfield>
    <subfield code="4">prf</subfield>
  </datafield>
  <datafield tag="710" ind1="2" ind2=" ">
    <subfield code="a">Frost (Musical group)</subfield>
    <subfield code="4">prf</subfield>
  </datafield>
  <datafield tag="852" ind1="8" ind2=" ">
    <subfield code="a">MiU-H</subfield>
    <subfield code="b">BENT</subfield>
    <subfield code="h">2008183 Aa 2</subfield>
  </datafield>
  <datafield tag="994" ind1=" " ind2=" ">
    <subfield code="a">Z0</subfield>
    <subfield code="b">EYM</subfield>
  </datafield>
  <datafield tag="997" ind1=" " ind2=" ">
    <subfield code="a">MARS</subfield>
  </datafield>
  <datafield tag="998" ind1=" " ind2=" ">
    <subfield code="c">rutter-pcu AddCopySame20081104</subfield>
  </datafield>
  <datafield tag="998" ind1=" " ind2=" ">
    <subfield code="c">rutter-pcu CopyCat20081104</subfield>
  </datafield>
  <datafield tag="998" ind1=" " ind2=" ">
    <subfield code="c">rbixler-monorec Routed20081027</subfield>
  </datafield>
  <datafield tag="SID" ind1=" " ind2=" ">
    <subfield code="a">Z39</subfield>
    <subfield code="b">OCLC_BIB</subfield>
  </datafield>
  <datafield tag="955" ind1=" " ind2=" ">
    <subfield code="b">BENT</subfield>
    <subfield code="p">B3296797</subfield>
  </datafield>
</record>
